2232 3611
472 233 559 273 DE
629 237 1104 280 SYMMETRIA.
1269 241 1380 282 ΜΒ.
1422 230 1506 284 i1i.
1773 253 1851 285 106

140 298 215 340 Sed
232 302 307 339 iarn
326 300 494 353 percursa
512 305 660 341 ratione
679 304 851 345 flexionis
872 306 1030 346 aduersae
1049 310 1222 361 imaginis
1232 310 1271 347 in
1294 308 1500 363 vtri'imque
1511 311 1604 350 latus
1615 343 1625 359 ‚
1636 325 1851 366 proponam

75 354 249 409 deinceps
261 354 424 394 modum
443 355 617 396 fleQendi
628 360 774 411 prorsus
788 367 825 400 δε
845 364 1024 400 retrorsus
1036 365 1075 400 in
1088 361 1243 416 obliqua
1261 366 1438 418 imagine,
1452 380 1532 418 qua:
1543 369 1706 418 primum
1719 367 1852 405 consti-

75 412 130 449 tui
141 409 306 449 debebit.
326 411 380 450 Vt
389 417 515 467 autem
526 411 633 465 supra
649 415 842 468 principali
855 414 979 471 effigie
997 416 1077 455 sum
1089 417 1171 456 vsus
1183 418 1360 471 descripta
1379 422 1503 472 primo
1514 421 1612 459 libro
1633 436 1671 459 ac
1684 423 1781 459 loco:
1797 422 1851 458 Ita

74 479 177 504 nunc
188 465 353 504 sumatur
363 463 547 504 flectenda
557 466 693 506 eodem
706 469 802 508 libro
816 469 877 509 sed
889 472 925 510 lo
932 486 975 510 co
987 472 1123 510 vltimo
1136 472 1313 526 descripta
1324 472 1464 528 effigies
1476 476 1587 514 virilis
1599 490 1638 513 ac
1650 476 1850 522 muliebris,

77 522 177 558 cuius
190 519 350 558 altitudo
363 518 610 560 conficeretur
620 522 727 575 ipsius
740 528 903 578 capitum
915 526 1038 581 spaciis
1053 527 1195 568 decem.
1217 528 1308 567 Haec
1328 533 1569 569 contrarietas
1589 545 1765 584 magnam
1779 533 1855 567 eui<

77 574 245 614 dentiam
257 573 410 614 habebit
421 606 430 622 ‚
443 576 482 613 in
493 581 777 630 comparatione
787 579 979 621 breuitatis
1000 588 1036 621 &
1048 581 1236 622 densitatis
1246 615 1256 631 ‚
1269 590 1305 623 δε
1317 584 1521 624 altitudinis
1532 599 1572 623 ac
1592 586 1800 639 gracilitatis
1815 599 1853 623 v-

76 626 243 683 tritisque
253 630 435 669 maximae.

143 683 330 750 Principio
343 683 440 722 hanc
456 683 621 740 effigiem
641 691 883 743 principalem
896 690 1005 730 facies
1017 691 1117 746 quasi
1131 692 1291 733 insistere
1310 693 1396 749 pedi
1420 694 1552 734 dextro
1565 728 1574 744 ‚
1587 694 1647 733 sed
1661 695 1717 733 leu
1725 709 1786 733 um
1800 709 1855 733 re-

78 739 200 779 trahes
211 752 290 793 quo
302 752 388 777 cum
397 739 476 793 ipso
489 740 566 780 vna
575 746 689 794 etiam
700 757 804 783 nates
816 746 1130 801 sequentur,genu
1140 761 1266 788 autem
1277 764 1472 789 incuruato
1486 751 1690 789 retrahetut
1702 757 1738 789 δι
1751 750 1853 796 tibia,

78 806 121 833 vt
131 794 247 833 hacin
259 804 364 847 parte
384 793 507 848 digitis
526 796 688 835 insistere
709 798 890 838 videatur.
911 800 999 838 Post
1010 802 1135 840 haecin
1147 804 1243 842 linea
1255 805 1421 844 vmbilici
1444 806 1589 845 ordiere
1601 805 1744 859 spinam·
1754 808 1853 848 dorsi

75 848 224 888 flectere
233 861 334 887 retro
345 849 523 888 nonnihil
534 853 735 890 incuruans
745 884 755 900 ‚
768 851 952 906 supraque
962 856 1064 892 iuxta
1076 858 1202 908 iugula
1211 859 1423 910 producens
1436 874 1671 900 curuaturam
1684 863 1778 902 vltra
1798 880 1852 902 re-

76 906 173 943 &am
183 904 322 943 lineam
333 903 615 958 defigi-ratricem
636 904 844 946 altitudinis
855 920 920 955 ,⁷vt
929 907 1005 946 haec
1016 908 1089 961 ipsa
1108 910 1220 949 flexio
1232 912 1467 965 segmentum
1489 918 1610 955 circuli
1622 917 1730 969 plane
1752 919 1852 958 obti-

73 971 173 1000 neat.
184 959 288 998 Turn
300 959 441 998 collum
453 959 551 999 bene
561 962 831 1010 incuruabisyt
843 975 952 1015 caput
962 962 1183 1002 demittatur
1196 971 1232 1003 &
1242 965 1351 1005 facies
1364 967 1406 1006 sit
1416 969 1657 1022 despicientis,
1671 984 1712 1011 vt
1723 987 1850 1013 autem

73 1014 187 1053 status
206 1013 394 1068 aequabilis
407 1020 444 1053 δε
463 1015 564 1069 quasi
580 1016 733 1056 libratus
751 1029 925 1066 maneat,
945 1017 989 1058 fit
1007 1016 1213 1058 dirceh'one
1232 1019 1360 1060 sinistri
1380 1023 1504 1076 pedis,
1524 1025 1694 1064 &brachi
1696 1031 1708 1077 j
1730 1029 1850 1068 dextri

73 1069 292 1109 retrorsum.

139 1124 264 1164 Virilis
283 1126 456 1178 imaginis
476 1123 657 1164 flexuram
676 1127 810 1167 alicubi
832 1128 989 1168 variabis
1008 1133 1047 1169 in
1060 1128 1185 1186 effigie
1205 1130 1266 1171 sua
1283 1133 1478 1183 muliebri,
1490 1133 1536 1173 ad
1556 1136 1654 1174 hunc
1675 1139 1848 1186 modum,

73 1178 105 1219 E
117 1180 240 1218 cinfitu
251 1191 352 1217 retro
365 1179 530 1217 inficeres
541 1194 608 1232 pet
621 1193 746 1221 totam
758 1182 863 1237 spina
877 1189 994 1238 vique
1008 1185 1056 1225 ad
1069 1189 1263 1236 ceruicem,
1278 1195 1313 1228 δι
1324 1188 1517 1228 brachium
1533 1190 1702 1229 dextrum
1718 1207 1852 1232 retror-

73 1234 156 1273 sum
166 1232 310 1288 diriges.
340 1233 471 1272 Postea
482 1233 502 1271 ὲ
514 1237 635 1274 ernau
657 1237 773 1291 usque
793 1238 840 1277 ad
860 1238 1049 1280 summum
1072 1241 1194 1280 femur
1211 1257 1313 1282 nates
1335 1257 1436 1283 retro
1457 1244 1664 1284 flectentur.
1692 1246 1734 1286 In
1757 1263 1849 1287 coxa

75 1287 204 1328 dextra
213 1292 264 1327 ita
275 1288 458 1337 fle&es‚vt
467 1287 591 1327 femur
602 1290 778 1345 genuque
790 1292 964 1332 dextrum
976 1308 1196 1348 praetereant
1206 1299 1344 1337 lineam
1356 1298 1469 1338 fixam
1481 1299 1697 1340 altitudinis
1711 1302 1784 1342 Sed
1795 1307 1850 1341 iri-

77 1344 133 1383 fra
143 1357 242 1398 genu
255 1343 386 1383 tibiam
406 1342 579 1385 retrahes.
602 1346 656 1384 Ita
669 1361 802 1400 corpus
824 1348 1013 1388 libraueris
1025 1382 1034 1398 ‚
1046 1351 1189 1390 sinistro
1200 1353 1297 1405 pede
1310 1367 1350 1393 vt
1361 1354 1485 1409 digitis
1495 1355 1654 1394 insistere
1669 1357 1849 1398 videatur.

75 1398 229 1438 Deinde
241 1413 327 1438 cum
338 1397 568 1438 tranferente
589 1400 756 1442 traduces
779 1403 997 1443 transuersas
1010 1420 1144 1444 omnes
1157 1407 1270 1446 lineas
1284 1409 1418 1461 quibus
1430 1410 1672 1450 altitudinum
1686 1414 1791 1451 initia
1813 1421 1849 1452 δε

75 1453 168 1493 fines
180 1466 320 1493 notatae
333 1453 474 1501 sunt‚ex
486 1453 635 1494 aduetsa
646 1458 812 1511 imagine
823 1461 862 1496 in
874 1459 1081 1513 obliquam.
1095 1462 1142 1499 Et
1153 1463 1391 1502 latitudinem
1403 1479 1444 1502 ac
1463 1464 1684 1504 densitatem
1697 1467 1849 1519 praedcs-

76 1511 232 1562 criptam
243 1508 562 1557 accommodabis,
575 1516 611 1549 &
624 1526 733 1549 coxas
745 1526 866 1552 vertes
878 1517 918 1552 in
930 1514 1103 1553 dextrum
1115 1518 1307 1569 paululum
1321 1520 1412 1558 latus
1425 1551 1434 1567 ‚
1449 1519 1674 1574 habebisque
1687 1523 1781 1560 hanc
1802 1522 1848 1561 de

75 1577 186 1603 nouo
197 1566 401 1618 imaginem
412 1566 451 1602 in
463 1564 566 1618 gestu
586 1565 815 1620 designatam
828 1599 837 1613 ,
849 1582 962 1620 quam
975 1570 1196 1610 indufflone
1207 1572 1339 1612 forma:
1359 1572 1522 1627 perficies
1533 1607 1542 1622 ,
1555 1575 1644 1614 sicut
1655 1590 1715 1614 me
1726 1574 1848 1615 feciil'e

74 1617 241 1666 videbis,
252 1619 327 1658 haec
337 1621 474 1657 iterum
485 1633 631 1659 moneo
643 1624 682 1659 in
694 1623 872 1675 exemplis
884 1628 1049 1675 proponi
1062 1625 1083 1663 a
1093 1641 1154 1664 me
1166 1641 1208 1666 vt
1228 1630 1441 1681 generalem
1461 1630 1671 1668 do&riiiam
1683 1663 1691 1677 ,
1705 1647 1752 1670 ne
1765 1647 1846 1685 qius

72 1686 183 1727 putet
192 1672 239 1712 ad
249 1673 351 1712 hunc
369 1688 491 1713 vnum
502 1673 538 1713 se
548 1676 710 1715 modum
723 1676 745 1715 a
765 1692 828 1716 me
847 1679 987 1732 alligari
1003 1711 1009 1717 .
1030 1678 1224 1719 flexiones
1237 1686 1338 1721 enim
1358 1686 1564 1737 imaginum
1588 1699 1655 1737 pro
1677 1685 1741 1724 suo
1754 1686 1847 1725 arbi-

74 1730 148 1767 trio
161 1728 317 1782 quisque
327 1728 553 1783 vsurpare,&
563 1729 733 1770 sedentes
743 1747 784 1771 ac
796 1732 1107 1786 cubantes‚inque
1119 1735 1297 1773 omnibus
1310 1741 1401 1789 aptis
1415 1741 1504 1776 viuo
1527 1742 1674 1790 corpori
1686 1741 1846 1792 gestibus

74 1785 282 1837 exprimere
291 1785 628 1837 poterit‚omnibus
641 1786 764 1826 modis
775 1803 816 1826 ac
827 1788 1036 1842 generibus.
1058 1788 1231 1842 Itemque
1243 1802 1284 1828 vt
1296 1791 1441 1830 ostendi
1463 1793 1639 1845 quasdam
1652 1795 1845 1833 flcc‘tiones

73 1840 114 1877 in
134 1837 276 1878 duabus
298 1840 498 1894 propositis
515 1841 741 1895 imaginibus
755 1860 761 1880 :
776 1857 850 1881 vna
870 1843 1061 1882 breuitatis
1083 1850 1118 1883 &
1140 1843 1385 1885 crassitudinis
1395 1879 1406 1895 ,
1417 1846 1530 1888 altera
1549 1849 1796 1901 longitudinis
1810 1858 1846 1888 est

72 1893 283 1947 gracilitatis
293 1927 303 1943 ‚
315 1898 366 1935 ita
376 1895 502 1935 licebit
521 1896 640 1935 facere
652 1900 690 1935 in
713 1898 892 1938 omnibus
913 1899 989 1939 aliis
1012 1900 1238 1954 imaginibus
1247 1932 1258 1949 ,
1279 1915 1438 1954 quarum
1458 1906 1846 1943 commensurationes

72 1951 114 1988 in
124 1948 373 2002 superioribus
382 1951 483 1990 libris
495 1951 516 1990 a
527 1951 639 1990 nobis
650 1951 736 1991 sunt
747 1953 1018 1993 demonstratae.
