2232 3611
616 171 705 214 DE
774 172 1252 214 SYMMETRIA.
1352 173 1482 213 LIB.
1550 173 1578 213 Ι.
1862 191 1879 231 5

115 251 184 291 Per
193 247 321 287 nasum
333 256 461 284 vnam.
479 256 493 283 1
504 258 540 284 0.
1021 246 1092 284 Per
1102 244 1197 283 talos
1209 257 1336 283 vnam.
1352 258 1373 282 2
1385 258 1416 295 5.

113 305 183 345 Per
192 303 316 357 gulam
327 298 391 338 sub
405 311 538 337 mento
552 312 679 339 vnam.
698 314 711 339 1
724 314 758 340 2.
1022 300 1147 353 Ipsum
1158 298 1293 351 pedem
1305 312 1372 351 per
1383 297 1521 351 digitos
1533 296 1700 339 dilatabis
1712 314 1797 342 vna.
1816 317 1829 342 1
1843 310 1877 343 6.

113 360 182 399 Per
191 357 314 409 iugula
325 368 451 394 vnarn.
469 366 501 407 5.
1023 355 1072 394 Et
1082 355 1294 393 calcaneum
1307 368 1392 393 vna.
1409 368 1429 392 2
1440 355 1473 392 8.

113 412 188 455 Vbi
200 409 352 450 subsunt
361 409 508 449 humeri
519 407 594 447 offa
612 408 687 449 fiue
708 409 896 449 acetabula
906 413 963 449 in·
1019 411 1099 449 Iam
1111 409 1275 448 auersam
1296 408 1519 446 muliebrem
1534 405 1699 463 effigiem
1718 424 1783 463 per
1803 419 1883 465 qui-

153 480 210 507 ter
227 465 261 505 se
274 465 444 505 distantia
454 462 555 504 duas.
573 480 587 503 1
603 480 616 504 1
626 496 634 505 .
1060 466 1147 504 dem
1159 464 1330 518 scapulas,
1342 463 1380 502 id
1392 463 1443 502 est
1452 466 1551 501 intra
1561 465 1632 503 alas
1643 465 1756 503 latam
1776 466 1883 506 facies

111 518 182 564 Per
191 522 315 576 pestus
328 533 500 574 quatuor.
519 535 532 559 1
548 532 578 572 5.
1059 535 1185 560 vnam.
1204 522 1284 572 5.in
1305 517 1440 572 podice
1459 516 1578 557 fissura
1599 518 1790 559 obtinebit
1810 521 1884 574 spa-

113 577 183 618 Per
192 576 351 615 summas·
361 589 543 615 mammas
554 576 651 613 intra
661 574 732 615 alas
745 591 871 617 vnam.
887 583 922 617 6.
1059 579 1153 615 tium
1166 577 1286 614 vnius.
1303 582 1336 614 6.

114 631 213 672 Infra
224 632 374 685 papillas
387 644 512 670 vnam.
529 632 561 670 8.
1016 633 1162 671 Verum
1172 630 1324 669 brachiu
1344 628 1540 668 aduersum
1559 643 1626 683 per
1636 629 1783 669 humeri
1803 644 1885 669 rnu-

113 688 283 727 Perimas
295 699 476 725 mammas
487 700 637 726 vnam.1
649 692 726 732 0,&
744 702 756 725 1
772 702 803 726 1.
1059 686 1176 725 sculos
1192 683 1410 724 addensabis
1423 699 1509 725 vna.
1530 700 1543 724 1
1557 692 1591 724 6.

115 741 184 782 Per
194 741 346 780 lumbos
357 773 367 790 ,
378 740 417 781 id
427 740 478 780 e'st
495 740 593 780 infra
603 740 718 779 costas
730 740 794 779 vbi
812 743 962 795 praecin⁴
1020 741 1089 780 Per
1101 756 1241 780 nexum
1256 739 1369 779 cubiti
1383 755 1467 781 vna.
1487 756 1500 780 1
1512 755 1548 787 9.

156 809 251 852 gunt
260 811 385 836 vnam.
404 809 435 848 5.
496 811 504 818 “
573 819 601 830 -κ
674 840 676 843 .
1022 796 1093 834 Per
1103 795 1289 834 musculos
1302 794 1415 833 cubiti
1428 810 1512 835 vna.
1531 811 1544 835 1
1560 809 1591 847 5.

116 853 185 892 Per
194 851 411 890 vmbilicum
425 865 509 891 vna.
521 866 558 901 4.
1022 851 1092 889 Per
1104 854 1311 889 iuncturam
1323 865 1454 889 manus
1468 865 1552 890 vna.
1568 865 1632 902 27.

116 907 186 946 Per
195 906 381 945 summum
394 906 515 945 femur
526 920 640 946 vnam
650 912 855 959 7,&vnam
871 911 905 948 8.
1022 905 1141 958 Ipsam
1153 906 1315 958 palmam
1328 919 1412 944 vna.
1431 921 1443 943 1
1458 913 1491 945 6.

115 963 246 1015 Atque
270 961 413 1001 ibidem
430 964 528 1000 intra
547 958 768 1003 coxendices
797 960 905 1002 facies
1020 962 1152 1013 Atque
1180 962 1230 998 ita
1250 958 1556 997 commensuratis
1578 960 1757 1000 omnibus
1776 964 1887 1015 parti-

158 1016 257 1057 duas.
275 1033 287 1056 1
304 1033 335 1057 1.
1062 1016 1130 1054 bus
1152 1016 1318 1068 corporis
1347 1012 1512 1051 formam
1532 1027 1658 1066 aptam
1678 1029 1719 1053 ac
1748 1031 1887 1055 conue-

116 1072 185 1112 Per
203 1071 325 1111 femur
341 1075 443 1111 iuxta
460 1076 575 1111 imam
593 1072 732 1127 pubem
753 1087 879 1113 vnam.
906 1086 966 1126 15,
1065 1073 1236 1111 nientem
1258 1068 1459 1107 delineabis
1479 1068 1714 1109 acinscribes.
1728 1070 1784 1108 Ita
1795 1074 1887 1109 vtin

158 1134 196 1166 δέ
213 1143 225 1166 1
240 1134 263 1166 6
266 1160 273 1167 .
574 1158 576 1160 v
1064 1127 1239 1179 exemplo
1253 1124 1273 1163 ὲ
1284 1124 1395 1163 nobis
1406 1123 1614 1162 factitatum
1627 1123 1755 1163 videre
1766 1138 1887 1178 potes,

117 1182 233 1235 Supra
246 1197 344 1237 genu
356 1181 456 1223 duas.
471 1198 491 1222 2
504 1199 534 1223 1.
1063 1182 1262 1236 diligenter
1282 1179 1455 1232 expressis
1480 1179 1659 1218 omnibus
1682 1180 1838 1219 flexibus
1851 1187 1888 1219 86

116 1237 187 1277 Per
196 1236 362 1276 medium
374 1252 473 1291 genu
486 1237 584 1277 duas.
600 1252 619 1276 2
631 1252 662 1290 5.
1064 1239 1239 1288 congruis
1252 1235 1424 1274 ductibus
1438 1234 1737 1273 delineationum
1750 1249 1820 1287 pro
1833 1236 1890 1273 lo-

116 1293 188 1332 Per
198 1292 359 1331 mediam
370 1292 488 1331 suram
500 1308 654 1333 Vnam.2
663 1308 697 1342 2,
710 1298 747 1332 δε
758 1307 883 1334 vnam.
899 1308 963 1344 24.
1063 1307 1107 1331 co
1120 1292 1261 1345 vbique
1272 1289 1489 1344 suo‚Slcque
1501 1289 1671 1329 confecta
1683 1293 1793 1328 etiam
1807 1304 1890 1328 mu-

118 1347 310 1385 Perimam
322 1347 439 1386 suram
451 1363 576 1387 vnam.
595 1365 608 1388 1
620 1365 655 1398 4.
1061 1347 1166 1386 liebri
1180 1345 1302 1400 effigie
1314 1347 1529 1399 exemplum
1550 1344 1715 1385 fiiniliter
1725 1345 1889 1392 notabis,

120 1400 313 1440 Perimam
323 1401 451 1439 tibiam
462 1414 587 1441 vnarn.
601 1414 621 1438 2
631 1409 665 1439 6.
1063 1403 1181 1442 veluti
1192 1401 1358 1455 supr?1‚vt
1368 1401 1474 1441 verbi
1486 1400 1599 1440 causa.
1610 1402 1659 1441 A.
1670 1401 1697 1441 I.
