2232 3611
524 185 608 223 DE
660 184 1139 225 SYMMETRIA.
1295 185 1423 225 LIB.
1486 186 1568 226 ΙΙΙ.
1801 191 1852 228 86

125 256 297 294 Ponatur
306 263 433 291 autem
445 251 466 290 εὶ
476 252 588 291 nobis
600 254 817 306 exemplum
829 253 936 292 huius
947 254 1009 291 rei.
1022 249 1155 305 Sitque
1165 249 1356 303 proposita
1368 250 1509 305 effigies
1522 253 1581 289 illa
1602 255 1639 289 in
1661 252 1757 291 libro
1780 256 1852 306 pri<

61 325 128 352 mo
140 309 330 350 muliebris
341 306 425 360 post
434 309 596 360 primam
608 308 754 347 virilem
765 307 896 348 effieta.
908 308 1019 346 Hanc
1031 309 1143 360 igitur
1157 306 1414 344 Geminorum
1426 307 1563 344 auxilio
1576 310 1741 358 primum
1761 307 1851 346 desi-

63 380 140 406 tate
153 362 399 405 &latitudine
410 362 855 411 contradioremdeinde
867 362 1119 402 extenfiorem
1129 361 1249 399 facere
1259 360 1496 414 propofitum
1509 360 1561 399 lit.
1575 361 1648 400 Sed
1659 361 1851 401 sciendum

62 421 89 460 fi
101 422 156 460 his
168 417 443 458 mutationibus
455 416 572 472 figura
582 418 748 457 humana
758 421 921 457 nimium
942 417 1041 456 forte
1054 417 1074 455 εὶ
1085 416 1178 457 vero
1191 417 1349 455 alienata
1361 414 1473 453 fuerit
1495 414 1678 468 suumque
1689 417 1850 456 modum

64 475 227 515 amiserit
236 506 247 523 ,
258 487 305 524 vt·
318 472 345 512 fi
363 486 445 527 quae
455 485 577 526 partes
589 472 771 512 densitate
781 488 822 512 ac
831 472 1031 512 latitudine
1041 474 1154 511 aucit-‘e
1174 474 1337 511 nimium
1347 503 1357 519 ‚
1370 484 1434 509 aut
1445 469 1582 508 eisdem
1602 472 1757 509 minutae
1768 471 1850 519 sint,

64 532 173 570 Tum
192 531 426 569 correctione
437 528 570 567 harum
582 541 799 583 corruptam
817 528 976 583 figuram
996 528 1188 567 instaurari
1208 526 1344 566 debere
1354 558 1364 574 ,
1376 525 1497 565 adden
1503 525 1554 564 do
1575 525 1787 564 minuendo
1793 541 1851 574 ve,

65 586 174 641 quod
185 586 295 640 quale
312 583 356 623 fit
367 583 413 623 de
424 582 636 637 supradietis
647 585 804 638 planum
816 583 886 623 esse
897 583 1064 624 confido.
1125 584 1183 621 Sic
1203 597 1294 636 ergo
1304 581 1548 635 principalem
1566 580 1668 619 illam
1689 578 1854 634 effigiem

66 642 114 681 ad
134 641 377 697 gracilitatem
389 644 426 677 δέ
438 637 718 678 crassitudinem
727 638 930 692 perfe&am
943 641 1172 678 correximus
1184 670 1193 686 ‚
1206 640 1371 690 primurn
1382 649 1426 676 vt
1446 636 1492 675 de
1504 638 1630 689 capitis
1641 636 1854 689 aliquantu-

66 698 147 737 lum
158 694 356 735 altitudine
368 692 679 743 abscinderemus,
690 695 788 734 Non
800 695 955 747 quidem
967 694 1073 747 supra
1084 692 1360 741 deminuendo,
1373 691 1435 731 sed
1445 691 1600 730 inferna:
1611 689 1752 730 sursum
1764 704 1857 728 con-

67 751 255 792 trahendo
267 783 277 799 ,
289 763 332 790 vt
341 749 447 789 fieret
457 748 479 788 ὲ
490 749 638 788 summo
651 752 771 802 capite
783 749 829 787 ad
840 752 961 787 imum
973 750 1089 801 Vsque
1099 761 1276 787 mentum
1287 747 1449 786 altitudo
1463 747 1632 787 duarum.
1651 762 1664 785 1
1680 760 1711 798 5.
1732 743 1856 798 Inque

66 809 164 849 hanc
175 806 414 846 altitudinem
423 816 546 859 partes
556 804 662 843 faciei
672 804 861 857 aequaliter
872 802 1135 842 distribuimus.
1149 803 1321 856 Scapulas
1333 802 1354 841 a
1364 803 1463 841 linea
1474 804 1595 841 menti
1607 800 1655 840 ad
1674 800 1856 840 humeros

69 879 89 903 a
117 864 153 902 te
163 864 426 916 protraximus.
467 858 541 899 Sed
560 859 696 912 pedem
710 860 810 897 cuius
821 857 1116 911 quadrilaterum
1128 858 1216 895 effer
1227 857 1295 896 hac
1306 860 1453 896 ratione
1474 857 1735 895 abbreuiatum
1747 887 1757 905 ,
1768 869 1857 909 pro-

70 879 245 959 dfilximus
256 917 303 957 ad
313 931 440 957 vnam.
459 931 472 955 1
488 931 519 967 3.
531 921 568 954 &
582 928 708 954 vnam.
718 929 731 953 1
743 928 779 962 4.
790 911 927 951 Femur
947 914 1061 950 etiarn
1080 925 1121 949 ac
1142 925 1221 949 crus
1244 911 1529 965 castigatiuscula
1549 910 1857 951 accommodaui-

70 989 154 1013 mus
167 1007 174 1014 .
187 974 231 1012 In
252 987 357 1012 exem
363 973 427 1026 plo
449 972 628 1010 crassioris
649 970 822 1023 imaginis
845 969 1063 1021 reliquimus
1084 964 1161 1003 fere
1183 964 1474 1018 descriptionem
1494 967 1703 1020 principalis
1726 968 1856 1020 imagi-

72 1033 129 1069 nis
140 1062 151 1078 ,
161 1028 258 1068 Illud
269 1027 390 1066 modo
403 1026 468 1065 sub
480 1038 614 1064 mento
628 1024 880 1077 palearculum
891 1021 1138 1061 maiusculum
1149 1018 1305 1059 fecimus
1316 1051 1326 1068 ‚
1338 1021 1386 1059 Et
1397 1021 1556 1073 scapulas
1570 1021 1709 1060 sursum
1728 1021 1774 1059 ab
1786 1022 1857 1060 hu-

72 1087 184 1124 meris
204 1083 251 1122 ad
271 1083 411 1121 collum
423 1080 646 1119 abduximus
658 1110 668 1126 ‚
681 1077 755 1117 Sed
766 1085 803 1117 «Sc
814 1090 918 1117 nates
937 1076 1034 1116 infra
1054 1075 1156 1114 suam
1176 1076 1315 1114 lineam
1335 1075 1612 1128 aliquantulum
1632 1075 1857 1115 rotundaui-

75 1152 222 1187 mus‚ne
233 1135 490 1176 succinetiores
501 1134 597 1186 iusto
611 1131 863 1173 effent.Crura
873 1135 984 1171 etiam
997 1132 1154 1185 obliqua
1165 1130 1344 1169 nonnihil
1356 1130 1806 1184 castigauimus.Similiter
1818 1136 1855 1169 &

75 1194 225 1235 aduersa
236 1195 338 1232 iuxta
348 1192 454 1230 talos.
466 1189 573 1228 Pedis
585 1201 712 1227 autem
722 1187 1091 1241 longitudo‘obtinet
1102 1199 1228 1226 vnam.
1245 1193 1279 1224 6.
1292 1185 1485 1224 Caeterum
1497 1185 1543 1224 de
1555 1189 1672 1238 capite
1683 1185 1785 1224 idem
1806 1185 1858 1223 fa-

78 1263 158 1288 cere
167 1245 429 1302 poteris,quod
440 1245 487 1284 de
497 1244 591 1288 virili
604 1243 724 1282 modo
737 1242 877 1282 faetum
889 1242 910 1283 εἰ
921 1243 1032 1284 nobis
1045 1240 1289 1289 ostendimus,
1301 1235 1508 1294 Vtriusque
1520 1253 1647 1280 autem
1657 1240 1765 1279 modi
1777 1254 1856 1294 gra-

79 1305 152 1344 cilis
164 1317 322 1358 inquam
334 1309 370 1341 &
382 1299 484 1340 crassi
495 1295 636 1352 effigies
649 1297 879 1340 subiecimus.
1329 1305 1331 1307 “

1556 1364 1578 1405 p
1623 1352 1674 1401 iiij
