2232 3611
877 195 1217 238 ALBERTI
1292 193 1590 235 DVRERI

424 272 519 311 liora
530 277 567 310 &
579 269 830 308 contractiora
842 280 927 307 curn
939 267 1009 306 hac
1018 264 1189 304 crassiora
1201 269 1239 303 &
1249 260 1465 302 distensiora
1475 262 1571 300 faita
1588 259 1739 301 fuerint.
1751 260 1882 314 Atque
1892 260 1959 300 hac
1971 263 2031 301 via
2041 259 2198 315 singula-

423 342 509 368 rum
520 328 681 380 partium
693 322 907 362 altitudines
918 324 956 360 in
969 334 1129 374 corpore
1142 325 1415 358 conuenienter
1425 317 1583 371 produci
1593 330 1657 355 aut
1668 318 1802 370 corripi
1821 328 2004 370 poterunt
2014 318 2110 354 intra
2124 314 2194 355 ‘no-

425 395 518 421 tatas
531 380 748 420 transuersas
760 380 875 417 lineas
887 376 1146 430 designatrices
1157 373 1363 413 altitudinis
1375 375 1549 427 partium.
1562 374 1741 426 Qrum
1752 371 1778 410 fi
1788 375 1931 411 maiora
1940 371 2135 410 interualla
2145 372 2197 410 fe-

425 441 514 477 ceris
526 435 666 491 effigies
678 431 964 489 produfflonsin
976 433 1126 469 minora
1137 431 1346 483 correptior
1357 428 1654 480 exibit.Qbus,
1665 440 1707 467 vt
1718 427 1858 466 di&um
1870 427 2029 474 est‚ratio
2042 426 2198 466 denfita-

425 496 471 532 tis
484 491 737 532 &latitudinis
750 503 831 528 non
843 484 1094 528 variatur.Sed
1104 483 1197 523 illud
1206 484 1434 538 productum
1449 492 1486 522 δε
1497 482 1571 522 hoc
1583 496 1797 536 correptum
1807 497 1923 522 vnam
1935 482 1979 520 ab
1992 483 2105 520 altera
2119 481 2198 521 effi-

318 552 408 592 fortt‘.
425 552 485 604 gie
496 547 661 588 discerni.
675 548 852 597 Qarum
871 541 999 596 postea
1009 544 1048 579 in
1060 554 1162 578 noua
1183 539 1553 578 commensuratione
1573 537 1594 576 a
1604 540 1793 592 principali
1816 537 2062 591 descriptione
2082 537 2196 592 longe

309 608 406 647 uiuis,
424 605 556 644 abitur.
569 602 612 642 Id
623 600 740 655 ipsum
753 597 844 637 vcro
856 599 1036 636 minutim
1047 593 1190 649 perque
1202 594 1361 649 fingulas
1372 607 1492 648 partes
1505 597 1542 632 in
1555 592 1776 646 producedo
1798 608 1837 631 ac
1850 592 2059 647 corripiedo
2072 596 2199 646 exqui-

259 653 266 657 κ
422 674 504 701 rere
517 659 723 698 &nimium
744 653 916 692 laborem
929 658 966 691 &
977 651 1074 698 taedij
1094 650 1249 690 haberet
1265 650 1483 703 plurimum.
1497 651 1629 703 Qare
1648 661 1770 687 totam
1782 648 1877 687 hanc
1895 652 2082 687 rationem
2103 660 2200 687 certa

425 715 596 755 doetrina
616 710 740 749 sumus
761 708 949 761 complexi
961 707 1008 746 de
1019 721 1094 761 qua
1111 705 1319 745 ministerio
1332 709 1443 746 vnius
1462 704 1638 759 trianguli
1655 703 1732 744 haec
1744 717 1826 757 quae
1846 702 1921 743 dixi
1939 703 2037 742 reete
2048 701 2200 743 &facile

422 765 764 826 perficiantur.Hoc
774 766 825 803 ita
837 762 1028 803 describes.
2228 756 2229 761 ’

491 825 648 862 Lineam
660 835 777 860 vnam
787 820 934 872 punctis
945 817 1095 857 duobus
1107 817 1326 871 designabis,
1339 816 1544 856 secundum
1556 831 1670 870 quarn
1680 817 1801 854 alterae
1813 813 1894 854 dua:
1903 813 2154 869 longitudinis
2165 820 2203 854 δέ

423 879 615 919 breuitatis
627 874 890 915 describantur.
901 873 993 913 Haec
1004 873 1081 912 esto
1102 873 1170 913 ab.
1182 886 1294 912 tantae
1304 873 1511 912 altitudinis
1523 885 1664 926 quanta
1683 871 1795 910 fuerit
1813 872 1941 924 primae
1952 871 2066 911 virilis
2077 869 2204 924 figurae

423 939 464 974 in
476 936 600 988 primo
621 931 730 971 libro.
741 930 853 969 Hanc
864 928 1007 968 diuides
1016 942 1084 981 per
1093 928 1333 968 altitudinem
1353 927 1474 982 spatiis
1494 929 1679 966 linearum
1699 925 1999 966 transuersarum.
2009 925 2114 965 Nam
2134 925 2204 963 illis

423 989 488 1028 scis
502 986 649 1027 ostendi
660 985 875 1025 altitudines
885 996 1059 1037 partium.
1071 983 1133 1022 Ab
1145 983 1253 1023 hui-us
1265 985 1370 1022 lineae
1380 985 1526 1037 punffis
1537 983 1608 1022 ab.
1619 982 1779 1021 deduces
1790 983 1830 1020 in
1841 980 2078 1035 propositum
2090 980 2205 1019 alium

424 1046 475 1084 ad
485 1043 655 1083 dextram
665 1043 850 1096 punitum
861 1039 1007 1079 c.lineas
1019 1037 1109 1077 duas
1121 1053 1201 1092 qtiae
1213 1041 1253 1076 in
1262 1039 1329 1076 illo
1342 1036 1855 1089 concurrenteS‚triangulum
1868 1035 2075 1075 describant
2086 1035 2132 1075 de
2141 1035 2206 1074 ba·
2228 1030 2232 1086 J

423 1099 451 1138 fi
462 1099 531 1139 a.b.
545 1105 581 1137 &
592 1097 758 1136 similiter
768 1098 808 1134 in
820 1093 958 1133 eodem
969 1094 1113 1146 puncto
1126 1107 1153 1132 c.
1165 1092 1356 1144 productae
1366 1092 1609 1130 altitudinem
1621 1093 1799 1128 omnium
1817 1093 1981 1142 partium
1998 1091 2105 1129 linea:
2116 1095 2232 1129 con-‚2

425 1166 577 1193 current
587 1152 715 1206 postea
726 1154 828 1190 iuxta
839 1150 935 1188 hanc
945 1148 1110 1187 mediam
1124 1148 1261 1185 lineam
1279 1144 1519 1195 παραΜάᾹφς
1539 1159 1656 1182 vnam
1667 1144 1889 1195 prolixitatis
1907 1144 2020 1200 fgad
2027 1144 2218 1185 sinistram'

425 1207 800 1256 constitues‚alteram
814 1204 1081 1244 decurtationis
1095 1201 1161 1242 d.e.
1173 1200 1221 1239 ad
1231 1200 1402 1238 dextram
1414 1198 1538 1236 versus
1550 1197 1735 1250 punctum
1746 1211 1775 1237 c.
1787 1200 1964 1253 Qque
1981 1199 2003 1239 ὲ
2011 1201 2136 1239 medi-a
2146 1201 2215 1240 veli
2229 1210 2232 1235 ·,

425 1266 524 1305 hanc
535 1265 596 1304 vel
606 1263 708 1302 illam
718 1263 901 1300 remotius
913 1258 1078 1312 posueris
1089 1289 1099 1306 ,
1111 1257 1185 1295 hoc
1197 1258 1265 1294 erit
1276 1256 1394 1293 maius
1405 1253 1628 1306 prolixitatis
1641 1252 1701 1291 vel
1713 1251 1981 1294 decurtationis
1999 1254 2208 1297 discrimen.
2224 1259 2228 1264 “

426 1334 495 1374 per
504 1319 579 1358 has.
589 1321 701 1372 igitur
713 1315 850 1369 &ipsas
862 1314 1094 1353 transeuntes
1105 1313 1166 1350 ille
1186 1310 1392 1349 altitudinis
1404 1307 1536 1347 mediae
1545 1308 1651 1345 lineae
1663 1305 1836 1347 diuident
1845 1341 1856 1358 ‚
1869 1309 2006 1364 &ipsas
2015 1325 2085 1365 pro
2097 1314 2209 1351 vnius

431 1374 609 1427 cuiusque
628 1374 775 1410 ratione
786 1371 1072 1415 conuenienter,
1083 1369 1134 1406 ita
1145 1369 1199 1406 vti
1219 1380 1274 1404 res
1286 1365 1364 1403 fieri
1375 1363 1549 1416 postulat.
1561 1363 1685 1402 Huius
1697 1364 1871 1416 trianguli
1889 1364 2046 1420 figuram
2068 1365 2210 1420 expres-

430 1429 506 1468 sam
519 1428 738 1466 subiecimus
749 1438 866 1464 manu
877 1423 1014 1463 nostra.
1026 1423 1158 1462 vtilem
1178 1420 1344 1460 futuram
1353 1420 1481 1459 multis
1493 1425 1530 1458 &
1541 1420 1650 1457 variis
1662 1416 1784 1457 vsibus
1796 1433 1804 1454 ε
1817 1419 1983 1474 Estoque
1992 1435 2139 1462 nomen
2155 1423 2210 1463 illi

433 1485 605 1524 varianti.
615 1483 720 1520 Nam
732 1482 923 1520 variantur
941 1478 1051 1517 huius
1063 1477 1286 1516 adiumento
1306 1488 1427 1529 partes
1447 1487 1573 1514 rerum
1585 1479 1622 1512 &
1633 1471 1867 1513 admirabiles
1886 1479 2117 1516 mutationes
2130 1474 2211 1517 effi-

432 1542 582 1578 ciuntur
593 1537 653 1577 vel
672 1537 986 1590 augmentatione
1004 1534 1226 1572 staturarum
1237 1532 1298 1570 vel
1320 1531 1576 1570 diminutione
1587 1559 1597 1575 ‚
1608 1539 1651 1567 vt
1669 1526 1695 1565 fi
1705 1528 1935 1580 propositam
1955 1533 2117 1586 aliquam
2130 1530 2209 1573 effi-

430 1597 532 1649 giem
544 1595 646 1632 cuius
666 1590 827 1630 altitudo
840 1589 1112 1641 complectatur
1131 1587 1242 1640 spatia
1263 1600 1344 1639 quae
1356 1583 1472 1624 effent
1481 1584 1578 1622 illius
1590 1584 1715 1635 capitis
1733 1581 1884 1635 septena
1902 1585 1950 1625 ad
1969 1588 2209 1627 altitudinem

428 1652 556 1703 capitis
568 1649 772 1700 spatiorum
784 1647 972 1682 octonum
990 1656 1192 1680 nouenum
1203 1672 1214 1689 ‚
1226 1640 1419 1692 denumve
1437 1637 1644 1692 producere
1662 1637 1777 1675 libeat
1794 1638 2008 1680 adiicientes
2027 1645 2208 1682 nimirum

400 1747 403 1750 Α
429 1703 622 1743 altitudini
639 1713 721 1753 quae
740 1699 853 1738 fuerit
863 1700 963 1736 intra
973 1709 1083 1750 caput
1102 1699 1292 1734 summum
1305 1701 1342 1734 &
1352 1695 1521 1748 plantam
1532 1695 1647 1730 imam
1658 1694 1768 1731 vnius
1779 1723 1790 1739 ‚
1801 1693 1920 1734 duum
1938 1695 2102 1737 triumve
2113 1701 2208 1751 capi-
2227 1700 2232 1702 “

431 1772 517 1798 tum
527 1753 781 1810 spatia.Q)d
796 1751 899 1791 idem
911 1758 948 1791 &
959 1751 1207 1792 diminuenda
1216 1751 1351 1791 statura
1362 1747 1631 1802 accipiendum.
1643 1746 1719 1786 Sed
1728 1746 1753 1785 fi
1763 1747 1940 1790 staturam
1950 1751 2049 1791 forte
2060 1765 2105 1792 vt
2115 1752 2208 1792 dixi-

431 1827 516 1854 mus
527 1811 775 1865 prolongaris,
789 1806 1095 1859 accommodabis
1106 1809 1181 1845 iam
1193 1809 1306 1846 etiarn
1316 1804 1659 1859 produffiusculum
1671 1814 1780 1855 caput
1799 1818 1868 1857 pro
1881 1821 1926 1845 co
1938 1822 1979 1846 ac
1990 1807 2114 1845 forma
2131 1811 2209 1848 cxi.

433 1881 498 1923 get
508 1863 699 1920 proposita
710 1866 940 1916 imaginiS,vt
950 1864 1220 1901 conuenientia
1231 1868 1268 1901 δε
1279 1861 1393 1900 decor
1404 1857 1748 1906 custodiatur-,idem
1758 1872 1828 1911 pro
1841 1874 1973 1901 natura
1984 1864 2034 1899 rei
2047 1868 2084 1900 &
2095 1863 2135 1900 in
2143 1863 2208 1903 dc-

433 1922 645 1963 ciii-tatione
664 1918 878 1958 seruabitur.
890 1917 965 1958 Sed
983 1930 1067 1956 tum
1086 1916 1112 1956 fi
1131 1919 1253 1956 metiri
1264 1917 1353 1956 velis
1364 1948 1374 1963 ‚
1387 1914 1547 1955 altitudo
1568 1927 1650 1952 non
1663 1917 1761 1965 paria
1780 1917 1891 1968 spatia
1911 1918 2074 1969 capitum
2092 1929 2205 1972 atque

436 1981 536 2032 prius
549 1974 711 2014 habebit.
724 1973 812 2011 Hoc
823 1974 911 2010 loco
925 1986 1070 2011 moneo
1082 1973 1256 2010 volentes
1269 1974 1439 2023 vsurpare
1451 1969 1545 2007 hanc
1557 1968 1577 2006 ἃ
1589 1968 1700 2005 nobis
1713 1969 2007 2010 demonstratam
2019 1974 2202 2012 rationem

436 2032 716 2077 mutationis‚vt
726 2031 765 2065 in
777 2027 950 2065 manibus
963 2033 1000 2065 &
1011 2026 1168 2079 pedibus
1180 2025 1374 2079 separatim
1385 2025 1406 2064 a
1416 2024 1527 2064 nobis
1539 2022 1699 2075 superius
1712 2024 1899 2080 descriptis
1910 2039 1996 2066 cum
2007 2041 2142 2085 magna
2151 2027 2204 2069 di.

436 2089 591 2142 ligentia
603 2091 639 2139 ὃς
650 2085 922 2131 attentionem
932 2085 971 2124 in
984 2096 1022 2123 re
1033 2083 1258 2134 neutiquam
1266 2081 1363 2120 facili
1375 2081 1507 2121 versari
1519 2080 1646 2119 velint.

1055 2192 1233 2246 Sequitur
1243 2193 1366 2233 fori-na
1377 2190 1575 2232 Variantis.
