2232 3611
765 196 1100 237 ALBERTI
1179 196 1471 237 DVRERI

1005 451 1222 506 *fg-l-ss
1912 454 1955 506 'f'

1976 455 2006 509 σθ
1981 265 2006 444 numerus

399 524 662 564 Describamus
675 523 904 563 &muliebre
916 537 1003 563 con-

340 593 439 633 gruae
459 579 600 618 staturae
623 593 754 632 corpus
767 578 874 629 ‚Esto
893 581 1005 633 igitur

340 635 502 675 altitudo
517 634 538 673 ἐι
560 635 734 687 fincipite.

1248 523 1318 564 Pei·
1330 529 1507 565 verticem
1520 525 1597 565 esto
1608 523 1915 662 2———1

1249 578 1317 619 Per
1327 580 1498 620 frontem
1508 605 1791 612 ——--——-—

1246 634 1316 674 Per
1326 637 1515 690 supercilia
1536 660 1910 667 ———-—

339 689 405 729 Ad
419 692 598 730 verticem
1188 701 1211 725 0
1245 689 1315 729 Per
1325 693 1455 731 nasum

320 782 321 785 ,
338 745 405 783 Ad
415 747 583 784 frontem
753 755 878 774 '———-
1190 758 1210 780 0
1245 745 1314 784 Per
1324 748 1487 801 superius
1498 747 1645 786 labrum
1655 772 1792 777 ——-

340 799 405 839 Ad
415 803 533 839 imum
546 812 722 838 mentum
1188 812 1211 835 0
1245 801 1313 840 Per
1324 816 1497 842 mentum
1520 809 1555 843 ὃ(
1566 804 1707 841 collum

339 855 406 894 Ad
416 856 576 893 summas
588 856 748 909 scapulas
1188 866 1211 890 0
1245 856 1404 897 Collum
1417 858 1559 898 ibidem
1571 858 1763 897 obtinebit

338 909 405 949 Ad
414 911 539 965 iugula
1189 924 1211 946 0
1243 911 1312 950 Per
1322 913 1489 953 summos
1500 914 1680 953 humeros

339 965 444 1004 Hinc
454 980 546 1005 vero
558 964 605 1005 ad
615 967 783 1004 summos
794 966 973 1005 humeros
1188 977 1211 1001 0
1243 967 1313 1005 Per
1323 970 1449 1023 iugula

339 1020 402 1059 Ad
414 1022 628 1074 peorus—
1190 1034 1211 1055 0
1243 1022 1350 1061 quta
1368 1022 1444 1061 offa
1455 1023 1790 1062 humerorum——

337 1075 403 1115 Ad
414 1077 510 1115 alam
521 1075 713 1115 aduersam
1189 1087 1212 1111 ο
1244 1076 1312 1114 Per
1322 1079 1466 1129 penstus'

1189 1142 1213 1165 o
1243 1131 1457 1169 qutaalam
1501 1177 1503 1179 Ι

1190 1197 1212 1219 0
1244 1186 1312 1223 Per
1322 1186 1476 1239 papillas

338 1130 405 1170 Ad
415 1132 511 1170 alam
525 1130 690 1185 auersam

338 1185 404 1224 Ad
414 1188 565 1239 papillas
585 1196 642 1221 —‹'

1964 758 1995 1332 munuum->mmmm
1968 650 1995 727 cxxi
1973 538 1993 617 ow,

338 1240 440 1280 Infra
451 1257 635 1281 mammas
1190 1251 1213 1275 0
1244 1240 1344 1279 Infra
1358 1255 1781 1279 mammas————

337 1296 384 1334 In
396 1299 560 1336 cinerum
1190 1306 1213 1330 Ο
1243 1295 1311 1334 Per
1326 1298 1490 1335 cinerum
1510 1320 1710 1327 -----——

340 1351 369 1390 E
382 1355 438 1390 cin
445 1354 504 1391 <stu
514 1355 554 1391 in
567 1352 875 1392 vmbilicum—-—
1190 1362 1213 1384 0
1242 1350 1311 1390 Per
1321 1352 1542 1391 vmbihcum
1673 1375 1786 1381 ——-—

338 1406 404 1445 Ad
415 1407 603 1446 summum
615 1407 740 1446 femur
757 1430 997 1436 ——-—
1190 1417 1212 1440 0
1241 1406 1311 1445 Per
1322 1407 1512 1446 summum
1523 1408 1647 1446 femur

337 1461 403 1499 Ad
413 1464 529 1499 imam
540 1463 666 1501 aluum
1190 1472 1213 1495 0
1241 1462 1310 1501 Per
1320 1466 1435 1502 imam
1446 1463 1574 1502 aluum
1590 1482 1785 1494 —--·-—-

338 1517 455 1569 Supra
465 1516 607 1570 pubem

336 1572 403 1610 Ad
415 1573 524 1625 pubis
535 1574 688 1611 initium
922 1596 999 1600 —
1189 1581 1213 1604 0
1241 1572 1310 1610 Per
1319 1573 1426 1625 pubis
1438 1575 1591 1611 initium

336 1626 402 1665 Ad
412 1632 526 1666 imam
539 1627 682 1681 pubem

337 1681 402 1720 Ad
414 1696 597 1721 extremas
609 1694 796 1720 nates——

338 1737 443 1775 Hinc
453 1736 500 1775 ad
510 1737 650 1774 sulcum
661 1739 700 1774 in
712 1735 855 1774 femine
865 1760 920 1764 —

338 1792 456 1844 Supra
467 1805 567 1845 genu

338 1846 513 1885 Medium
525 1849 563 1884 in
576 1860 677 1900 genu
694 1870 748 1875 —

342 1903 371 1942 E
394 1900 522 1939 medio
544 1915 641 1955 genu
666 1901 782 1955 Vsque
800 1901 897 1940 infra
914 1901 1005 1940 illud

336 1959 371 1996 A
386 1956 408 1995 d
420 1959 533 1995 imam
546 1955 664 1995 suram
681 1959 1006 1995 exterius——

338 2012 401 2051 Ad
413 2015 528 2051 imam
541 2013 659 2050 suram
670 2015 825 2051 interius

337 2067 399 2106 Ad
413 2080 587 2106 montem
600 2067 703 2121 pedis

336 2122 401 2162 Ad
416 2124 532 2161 talum
546 2126 772 2161 exteriorem

336 2177 400 2216 Ad
415 2180 528 2216 imam
541 2179 875 2231 plantam-———
1185 2185 1208 2208 Ο
1238 2178 1305 2216 Per
1315 2192 1492 2218 montem
1504 2178 1607 2231 pedis

336 2233 558 2287 Longitudo
571 2246 697 2272 autem
710 2233 813 2272 calcis
825 2235 895 2271 erit
920 2257 998 2262 —-
1185 2240 1208 2262 0
1238 2232 1306 2271 Pei·
1316 2236 1414 2272 imos
1426 2234 1521 2273 talos
1534 2240 1569 2272 δεῖ
1583 2232 1780 2286 pedem—

403 2289 531 2328 Brachi
534 2293 547 2340 j
561 2303 652 2328 vero
665 2289 758 2330 talis.
1306 2290 1510 2339 Brachium
1535 2288 1734 2341 obliquum
1764 2290 1815 2326 ita
1845 2286 1880 2325 fa

336 2344 399 2382 Ab
411 2344 571 2383 humero
583 2344 629 2383 acl
640 2344 753 2383 cubiti
765 2358 905 2383 nexum
918 2367 993 2372 -—
1024 2355 1036 2378 1
1072 2354 1095 2377 o
1127 2353 1150 2377 0
1184 2351 1207 2374 0
1238 2347 1317 2384 cies.
1808 2346 1811 2349 ’

1195 1636 1208 1660 1
1241 1626 1436 1667 Perimam
1447 1627 1589 1680 pubem

1190 1690 1213 1713 0
1242 1681 1310 1720 Per
1320 1683 1444 1720 femur
1457 1685 1560 1721 iuxta
1572 1695 1753 1721 extremas
1765 1694 1869 1721 nates

1190 1745 1213 1768 0
1241 1736 1458 1775 Persulcum
1470 1739 1510 1776 in
1522 1738 1664 1776 femine

1191 1800 1214 1823 Ο
1241 1791 1357 1845 Supra
1367 1806 1468 1846 genu

1191 1855 1214 1878 0
1240 1847 1486 1887 Permedium
1499 1861 1600 1902 genu

1189 1911 1213 1933 0
1241 1902 1340 1942 infra
1355 1916 1456 1957 genu

1189 1965 1212 1988 0
1243 1958 1614 1997 Permediamsuram
1642 1980 1783 1987 ——

1188 2020 1212 2043 Ο
1239 2012 1432 2052 Perimam
1444 2012 1563 2051 suram
1576 2016 1735 2051 exterius

1188 2074 1211 2098 0
1238 2067 1431 2107 Perimam
1446 2068 1733 2107 summinterius
1759 2091 1898 2096 ——-

1187 2130 1210 2153 0
1238 2122 1431 2162 Perimam
1445 2122 1575 2161 tibiam
1603 2146 1661 2151 ——-

922 1759 999 1764 l

1013 700 1049 2266 om—„000„00‚..»⁴00000„000000„.0000

1064 702 1103 2277 ὍΟΧᾼΨΧΙΟΝᾺΟΧΙΨᾺΟῸΟΟΧΙΟΝΗΗΧΙκΛ-ῥωμοὲηχοχιμο

1132 702 1154 734 9

1135 746 1154 782 8

1136 812 1150 851 5

1131 868 1153 891 0

1129 922 1152 946 ο

1136 977 1151 1016 5

1134 1020 1153 1057 8

1128 1088 1155 1124 7

1133 1136 1152 1165 6

1134 1189 1155 1220 6

1134 1252 1154 1275 2

1135 1294 1154 1331 8

1134 1361 1155 1385 2

1137 1417 1150 1441 1

1133 1473 1156 1495 Ο

1132 1527 1158 1561 4
1190 1527 1213 1550 0
1241 1518 1357 1570 Supra
1371 1517 1513 1571 pubem

1133 1581 1154 1659 Ξ

1137 1691 1150 1714 1

1136 1732 1155 1769 8

1132 1800 1155 1832 9

1132 1855 1156 1878 o

1128 1904 1164 1989 ἕ

1133 2020 1156 2044 o

1136 2076 1149 2100 1

1130 2131 1154 2155 ο

1134 2188 1147 2211 1

1128 2242 1151 2266 o

1953 2240 1977 2305 'w
1963 2186 1983 2209 to
1961 1802 1988 2154 ιυψ-ῥᾼνοᾼ-ὲ-
1960 1693 1988 1771 0·le
1963 1529 1986 1662 0000N0
1965 1473 1988 1497 0
1963 1364 1991 1442 GN!

336 2401 754 2439 Anexuiniuneturam
768 2414 902 2438 manus
1019 2412 1041 2433 0
1074 2397 1093 2434 8
1131 2412 1145 2449 3
1183 2406 1206 2429 0
1235 2399 1304 2437 Per
1314 2400 1515 2439 humerum
1527 2397 1776 2437 densum—
1888 2413 1891 2418 ·
1915 2401 1938 2424 0
1958 2404 1983 2438 4

338 2454 366 2492 E
380 2457 547 2494 iunekura
558 2456 604 2495 acl
615 2468 805 2495 extremos
817 2454 955 2509 digitos
1235 2454 1303 2493 Per
1315 2455 1499 2493 musculos
1554 2488 1555 2491 ,
1662 2476 1776 2481 -——
1914 2458 1936 2480 0
1962 2459 1975 2495 3

378 2510 455 2548 esto
1016 2522 1039 2546 ο
1074 2519 1088 2557 5
1128 2511 1147 2547 8
1180 2517 1203 2540 Ο
1233 2509 1302 2547 Per
1313 2523 1455 2549 nexum
1466 2508 1581 2547 cubiti
1603 2529 1890 2535 ———-—-
1914 2512 1937 2535 Ο
1960 2514 1980 2538 2

403 2565 574 2604 Posthaec
585 2566 821 2605 notabuntur
839 2564 991 2604 densita·
1232 2565 1331 2603 Infra
1342 2564 1507 2603 cundem
1636 2585 1893 2590 —-—-—-——
1913 2567 1937 2590 0
1961 2570 1981 2593 2

338 2635 391 2660 tes
405 2621 663 2660 &latitudines
675 2624 853 2674 corporis.
863 2620 989 2659 Dcnfi-
1230 2618 1462 2672 Inferiusque
1475 2620 1586 2657 etiam
1598 2639 1656 2645 -—
1904 2623 1936 2646 ·0
1959 2625 1981 2648 ²-

338 2689 430 2715 tates
452 2678 553 2713 iuxta
572 2678 729 2727 primam
741 2679 878 2716 lineam
900 2675 991 2714 obli·
1228 2673 1295 2713 Per
1307 2676 1515 2713 iuueruram
1528 2686 1660 2711 manus
1913 2677 1936 2700 0
1963 2681 1974 2704 1

595 2733 598 2736 ·
1912 2732 1936 2756 o
1963 2736 1975 2759 1

338 2733 402 2785 qui
415 2733 579 2783 corporis
591 2744 649 2770 ita.
1230 2729 1300 2769 Sed
1311 2730 1442 2783 palmae
1455 2728 1603 2768 dabitur
1626 2750 1766 2755 -————-
