2232 3611
442 190 531 229 DE
600 184 1081 228 SYMMETRIA.
1289 184 1502 226 LIB.II,
1803 195 1851 239 65

917 270 942 304 Ξ·
1642 258 1682 326 {³}
1710 257 1735 328 Ξ
1784 289 1846 326 ε

1644 330 1680 359 ,vg
1712 332 1735 350 υ
1755 320 1790 357 4Ξ),
1821 329 1846 350 :x

918 380 942 420 Ξ
1656 363 1682 416 Ξ
1713 354 1737 417 Ξ
1766 354 1847 427 ἓξ

1659 422 1698 443 0⁴
1715 423 1737 444 C
1769 423 1848 447 βλῆμα

917 450 959 501 s
1646 448 1862 501 †gssx

79 518 327 561 Perfrontem
925 527 948 550 0
979 515 1406 569 Infratalosperpedem
1438 537 1525 544 ——-
1665 525 1688 548 ο
1729 528 1740 551 1

82 573 351 627 Persupercilia
500 596 615 601 ——
740 553 746 644 ἶ
925 582 948 605 0
979 570 1053 610 Sed
1084 573 1170 610 calci
1188 585 1255 625 per
1286 584 1475 609 extremos
1504 568 1641 622 digitos

82 632 152 670 Per
162 631 266 667 ⁴aures
925 636 949 660 O
1022 626 1125 665 dabis

82 686 153 725 Per
164 683 293 722 nasum
306 681 534 721 &buccas—
744 663 748 704 ι
927 690 950 714 0
1048 681 1248 719 Brachium
1260 694 1386 719 autem
1399 681 1444 719 fic
1455 680 1531 720 fiet.

84 739 304 781 Percollum
320 740 610 776 iuxtamentum
927 744 951 767 0
982 734 1050 772 Per
1062 735 1248 774 musculos
1261 736 1406 774 humeri
1418 736 1536 774 latum
1563 757 1648 763 ——
1667 745 1690 768 0

85 793 326 835 Persummas
338 792 498 845 scapulas
662 814 748 820 -——
928 799 951 822 0
983 789 1084 828 Infra.
1096 804 1237 828 nexum
1249 790 1362 829 cubiti
1390 814 1531 820 ——-

86 849 333 890 Pei-summos
344 847 524 886 humeros
546 870 631 875 -—-—
929 854 953 877 0
985 843 1055 882 Per
1066 847 1276 883 iuncturam
1290 860 1421 883 manus

85 903 292 958 Periugula
937 910 949 934 1
987 898 1114 936 Palma
1125 910 1252 937 autem
1265 899 1534 938 habebit——

87 961 218 1013 Atque
230 957 370 997 ibidem
387 956 578 996 distabunt
596 954 673 995 offa
684 956 751 995 hu-

130 1027 326 1054 merorum
345 1034 754 1041 ———-—-—--

89 1072 161 1110 Per
171 1071 298 1123 peetus
310 1073 347 1106 &
358 1067 538 1105 humeros
550 1065 627 1103 esto

92 1127 197 1166 Intra
209 1124 370 1162 alas——

1053 954 1185 1006 Atque
1205 955 1256 991 ita
1279 953 1554 1006 consequenter
1573 953 1635 992 effi

932 1018 956 1042 0
988 1011 1085 1062 giem
1103 1008 1420 1047 delineationibus
1433 1010 1579 1063 cogruis
1592 1023 1648 1047 ex-

933 1074 956 1097 Ο
989 1066 1125 1117 primes
1138 1095 1147 1111 ‚
1161 1064 1312 1117 triplicis
1330 1063 1653 1116 corpori5‚vtstepe

934 1129 957 1152 0
989 1121 1210 1158 monuimus
1233 1124 1271 1157 &
1288 1133 1360 1157 nos
1372 1118 1528 1157 fecimus
1540 1118 1654 1157 sub1e-

93 1183 197 1221 Intra
207 1179 279 1217 alas
291 1176 312 1215 ὲ
323 1189 430 1230 tergo
450 1198 630 1205 ——-
934 1184 958 1208 Ο
990 1176 1054 1213 &is
1066 1174 1258 1227 exemplis.
1271 1174 1457 1212 Auersum
1469 1176 1581 1212 etiam
1594 1187 1658 1211 cor

93 1238 196 1277 Intra
208 1247 471 1273 mammas—
935 1239 959 1263 0
992 1243 1059 1284 pus
1081 1228 1224 1268 aduersi
1242 1232 1417 1268 extremis
1430 1230 1536 1268 lineis
1557 1242 1659 1267 com-

96 1290 198 1332 Infra
209 1290 272 1329 has
294 1311 348 1317 ——
937 1295 961 1319 0
995 1284 1364 1337 prehendens‚dabis.

97 1347 169 1387 Per
181 1348 303 1384 imum
314 1342 505 1382 thoracem
518 1352 668 1379 tantum
939 1350 962 1374 o
997 1342 1119 1380 Rimae
1129 1338 1273 1393 podicis
1684 1349 1707 1373 o

99 1402 170 1442 Per
181 1401 345 1439 cinerum
655 1405 660 1409 '
940 1405 964 1429 0
999 1395 1190 1434 calcaneo
1203 1408 1295 1434 vero
1320 1418 1381 1424 —-
1685 1405 1709 1428 o

100 1457 171 1496 Per
181 1454 401 1495 vmbilicum
942 1460 965 1484 0
1065 1451 1110 1488 ln
1122 1449 1338 1489 huiusmodi
1354 1449 1665 1488 commesuratio—

100 1512 172 1551 Per
181 1509 301 1549 finum
317 1520 417 1545 coxae
943 1515 967 1539 0
1002 1505 1111 1544 nibus
1123 1504 1429 1543 animaduertent
1440 1504 1572 1543 harum
1584 1504 1667 1542 tersi

102 1566 172 1605 Per
183 1577 316 1602 coxam

946 1570 970 1593 0
1003 1558 1165 1606 studiofi,
1175 1559 1347 1611 obliquas
1359 1559 1575 1598 latitudines
1587 1572 1667 1612 quae

103 1617 326 1672 Ibidemque
338 1615 562 1655 coxendices
574 1614 746 1654 distabun
948 1624 972 1647 0
1005 1612 1090 1652 sunt
1101 1612 1310 1659 denfitates,
1318 1627 1383 1664 per
1395 1625 1522 1651 toturn
1537 1627 1653 1666 corpo

100 1675 171 1714 Per
182 1671 347 1714 verenda
361 1671 439 1710 esto
680 1694 767 1699 -—-
949 1679 973 1704 o
1006 1671 1052 1707 ris
1064 1681 1242 1707 truncum
1263 1669 1431 1705 minores
1452 1666 1524 1705 effe
1544 1667 1663 1705 aduer

102 1730 173 1770 Per
183 1728 306 1767 femur
315 1729 417 1766 iuxta
428 1739 533 1765 nates
554 1738 738 1764 extremas
951 1735 976 1759 ο
1007 1722 1132 1772 fis,sed
1144 1736 1209 1776 per
1221 1734 1348 1760 totum
1361 1720 1498 1775 pedem
1511 1720 1549 1760 id
1560 1721 1612 1759 est
1623 1720 1671 1759 fe-

104 1785 175 1825 Per
184 1784 326 1823 sulcum
337 1781 488 1821 feminis
953 1790 977 1814 0
1010 1793 1095 1818 mur
1115 1785 1152 1818 &
1172 1792 1277 1817 crura
1296 1779 1477 1817 maiores.
1498 1776 1675 1815 Praeterea

105 1841 224 1894 Supra
234 1850 335 1894 genu
954 1847 979 1871 o
1010 1832 1203 1874 sciendum
1215 1847 1297 1872 non
1311 1834 1439 1887 magni
1451 1834 1601 1886 negocij
1621 1829 1675 1869 fu—

105 1896 177 1935 Per
187 1893 356 1933 medium
368 1906 532 1948 genu—
956 1902 980 1926 0
1011 1904 1138 1930 turum
1151 1888 1177 1928 fi
1189 1891 1246 1928 cui
1259 1887 1399 1941 effigies
1421 1888 1618 1940 descriptas
1638 1886 1676 1923 li-

107 1947 342 2001 Infraipsum
957 1957 981 1981 o
996 1946 1082 2000 ,bro
1104 1946 1220 1997 priori
1244 1956 1495 1982 numerorum
1517 1943 1681 1995 partium

110 2004 182 2044 Per
192 2001 357 2041 mediam
368 2001 489 2039 suram
957 2012 981 2036 o
1014 1997 1340 2045 mensuris,1ubeat
1351 1999 1463 2035 etiarn
1475 1997 1551 2035 hoc
1562 1995 1685 2043 modo

112 2058 184 2097 Per
194 2059 311 2095 imam
328 2054 447 2094 suram
459 2059 618 2095 exterius

115 2113 276 2153 Interius
298 2133 379 2139 ——

114 2167 186 2206 Per
196 2170 312 2205 imam
324 2165 455 2205 tibiam

115 2221 187 2262 Per
199 2234 377 2261 montem
387 2221 492 2276 pedis
505 2229 540 2261 &
553 2222 671 2261 talum

959 2067 983 2090 o
1016 2053 1447 2107 exquirere.Memineris
1461 2059 1497 2089 &t
1509 2052 1687 2089 variatio-

961 2120 985 2145 ο
1018 2111 1075 2147 nis
1094 2109 1221 2161 capitis
1236 2121 1350 2162 quam
1362 2107 1563 2160 aliquoties
1574 2119 1693 2158 expo-

964 2176 988 2199 ο
1020 2163 1071 2203 sui
1082 2195 1092 2211 ,
1105 2177 1195 2201 nam
1207 2177 1294 2201 cum
1307 2174 1417 2215 caput
1436 2162 1542 2199 aliter
1554 2159 1595 2198 fit
1606 2171 1691 2198 tota.

965 2231 989 2255 o
1021 2217 1161 2273 effigies
1173 2219 1341 2273 corporis
1353 2217 1495 2257 diuersa
1505 2227 1670 2271 apparet.>
